
@Misc{marekreiblog,
	Author = "Marek Rei",
	Title  = "\emph{Linguistic regularities in word representations}",
	Note   = "\url{http://www.marekrei.com/blog/linguistic-regularities-word-representations}
	[Accessed: 3-5-2016]",
	year = 2014
}

@Misc{word2vecquestionwords,
	Title  = "\emph{Question words provided by Google Code}",
	Note   = "\url{http://word2vec.googlecode.com/svn/trunk/questions-words.txt}
	[Accessed: 3-5-2016]",
	year = 2013
}

@Misc{glovedata,
	Author = "Jeffrey Pennington,   Richard Socher,   Christopher D. Manning",
	Title  = "\emph{GloVe: Global Vectors for Word Representation}",
	Note   = "\url{http://nlp.stanford.edu/projects/glove/}
	[Accessed: 3-5-2016]",
	year = 2014
}

@Misc{word2vecdata,
	Title  = "\emph{Word2vec}",
	Note   = "\url{https://code.google.com/archive/p/word2vec/}
	[Accessed: 3-5-2016]",
	year = 2013
}

@Misc{imageclef,
	Title = "http://imageclef.org/2016/annotation",
	Note = "http://imageclef.org/2016/annotation"
}



@Misc{gensim,
	Author 	= "Radim Rehurek",
	Title 	= "\emph{gensim: topic modelling for humans}",
	Note 	= "\url{https://radimrehurek.com/gensim/} [Accessed: 3-5-2016]",
	year = 2016
}

@inbook{mikolov,
	author = "Mikolov, T., Yih, W., Zweig, G.",
	title = "Linguistic Regularities in Continuous Space Word Representations, 746–751",
	date = 2013
}

@inbook{leviandgoldberg,
	author = "Levy, O., Goldberg, Y.",
	title = "Linguistic Regularities in Sparse and Explicit Word Representations. In Proceedings of the 52nd Annual Meeting of the Association for Computational Linguistics (pp. 171–180)",
	date = 2014
}

@Misc{imageclef,
	Title 	= "\emph{ImageCLEF / LifeCLEF -  Multimedia Retrieval in CLEF}",
	Note 	= "\url{https://people.cs.kuleuven.be/~susana.zoghbi/tbir_data/data_4stdpt.tar.gz} [Accessed: 4-5-2016]",
	year = 2016
}

@Misc{languagemodelsforinformationretrieval,
	Title 	= "\emph{Language models for information
	retrieval}",
	Note 	= "\url{http://nlp.stanford.edu/IR-book/pdf/12lmodel.pdf} [Accessed: 6-5-2016]",
	year = 2009
}
